@book{koza,
author = {Koza, John R.},
title = {Genetic Programming: On the Programming of Computers by Means of Natural Selection},
year = {1992},
isbn = {0262111705},
publisher = {MIT Press},
address = {Cambridge, MA, USA}
}